2724 4888
145 199 227 266 1338
425 203 690 268 transnare.
733 201 1006 272 MONOGYNIA.
1125 207 1286 272 utnon.

221 371 320 432 sotiis
342 375 434 430 multo
448 375 596 449 longiores
616 387 645 432 at
661 375 830 432 seinvicem
846 389 927 432 arcte
942 377 1123 450 saginantes,
1141 377 1205 432 basi
1220 389 1290 432 tere·

220 457 266 502 tes
279 457 308 501 et
325 446 679 514 tubuloso·convolutaa,
696 465 824 520 superne
837 447 946 504 leviter
959 465 1161 520 compressae,
1182 458 1291 502 turoca-

221 523 287 582 ιιι,
306 519 591 584 neruoso-striatam
610 517 719 591 pallide
737 517 1094 590 gluuceaceuti·rirentes,
1113 519 1293 602 primnmsu·

222 605 275 659 pra
291 587 418 640 medium
458 587 504 644 ilis
520 591 584 662 plus
601 591 696 643 minus
714 589 827 644 crebris
844 587 920 644 bauti
941 587 1034 663 longis
1052 591 1099 644 vel
1117 609 1147 644 sn
1163 590 1293 663 specimi·

223 657 309 710 nibus
330 605 496 724 junioribus
516 659 614 716 setalia
636 657 724 716 fuscis
748 658 896 731 hispidae,
924 658 1039 722 demum
1053 659 1173 734 glabrae
1191 662 1240 714 rel
1257 671 1292 716 at·

221 737 301 784 tactu
320 727 551 794 scabriuscula'e,
576 731 705 815 tnargine
727 731 855 784 tenuiter
872 729 989 786 ciliatae
1007 733 1053 784 vel
1073 730 1170 784 rarius
1190 731 1292 786 subnu-

224 796 295 861 dae,
323 805 379 858 1-5
402 801 490 874 poll-3
515 800 552 856 nd
576 799 654 856 doras
675 801 785 872 apicem
805 799 892 856 sovea
913 819 1004 873 parm
1028 799 1295 856 renil‘ormi-trisa·

224 867 348 938 gularis,
375 871 507 944 margine
522 869 607 926 brevi
623 871 731 925 calloso
748 871 785 924 ad
806 870 924 924 dorsum
945 871 1010 924 sinu
1030 871 1141 934 exciso,
1169 871 1297 928 tenuiter

224 938 327 998 tiliato
344 943 392 996 vol
408 941 522 996 demum
559 942 736 997 labriuseulo
752 942 864 1006 cincta,
883 959 1005 1015 quacum
1019 942 1193 997 articulatur
1207 943 1295 1014 petio·

224 1009 270 1066 lua
285 1011 401 1076 brevis,
420 1022 507 1085 supra
523 959 718 1084 pianiusculus
732 1023 761 1066 et
777 1011 814 1064 sd
834 1031 942 1066 nervos
956 1013 1072 1078 scaber,
1091 1011 1183 1066 dorso
1205 1031 1296 1068 nervo

225 1080 325 1138 meslio
342 1081 518 1138 decurrente
533 1082 679 1136 carinatas
698 1093 727 1136 et
741 1082 852 1152 glaber,
872 1081 981 1156 pallide
999 1082 1298 1138 lassescenti-flaves-

227 1171 306 1215 cens,
324 1155 426 1222 ¹·1'la
443 1153 507 1206 lin..
544 1153 643 1224 Ligula
662 1153 830 1207 membrana
850 1153 960 1218 brevis,
978 1155 1130 1216 coriacea,
1150 1165 1296 1215 muscata,

227 1223 470 1288 semicircularis,
490 1223 709 1288 fusce-uirens,
729 1223 862 1278 breviter
880 1223 985 1279 ciliata.
1020 1225 1159 1278 bamiuae
1181 1227 1296 1297 planae,

224 1307 346 1370 anguste
362 1295 556 1360 lanceolatae,
584 1293 894 1350 lineari-lanceolatae
919 1295 1154 1358 lanceolatseve,
1184 1295 1299 1350 subula·

226 1366 482 1429 to·aeuminatae,
509 1365 570 1418 basi
596 1365 625 1418 in
653 1363 846 1418 inferioribus
875 1363 1064 1436 rotundatas,
1091 1365 1295 1438 insuperiori·

225 1435 282 1492 bus
302 1436 485 1509 inaequales,
505 1437 523 1489 i.
540 1453 564 1490 e.
579 1437 673 1492 altero
689 1436 782 1490 latere
800 1434 975 1492 retardatae
991 1435 1037 1490 rel
1048 1453 1152 1508 parum
1167 1447 1298 1492 attenua·
1346 1443 1348 1510 t

226 1518 293 1578 tac,
311 1509 405 1562 altero
424 1519 606 1580 angustatae,
632 1507 820 1568 ebartaceae,
845 1507 992 1568 virentes,
1019 1506 1048 1560 in
1067 1507 1152 1560 siccis
1173 1509 1298 1580 glauces
1348 1524 1349 1568 t

228 1590 345 1645 centes3
366 1595 398 1633 su
421 1595 453 1632 ra
469 1575 566 1632 nervis
581 1577 742 1630 nsssnerosis
758 1575 896 1632 tenuibus
912 1578 1120 1649 approximatis
1135 1579 1299 1632 numerosis
1349 1602 1350 1632 t

228 1649 364 1711 strictae,
384 1595 519 1721 giabrae,
539 1657 645 1702 attactu
662 1639 895 1712 scabriuscuiais,
915 1647 952 1702 ad
969 1665 1076 1702 uerroa
1096 1665 1190 1702 nervo
1203 1647 1298 1703 medio
1350 1680 1351 1730 t

230 1731 259 1776 et
278 1721 364 1775 alteri
376 1718 499 1791 margini
512 1717 677 1788 atljacentes
691 1737 761 1772 vero
776 1717 900 1790 spinulis
911 1718 1024 1772 crebris
1040 1729 1208 1772 antrorsum
1258 1735 1299 1774 ec·
1351 1758 1352 1800 p

229 1791 360 1848 tentibus
387 1789 504 1843 minutis
529 1787 744 1856 scaberrimae3
777 1788 879 1843 subtus
900 1789 987 1861 paulo
1015 1789 1109 1842 minus
1133 1737 1298 1846 mendas.
1352 1836 1353 1870 ,

229 1861 330 1920 nervis
349 1867 422 1918 9-19
439 1859 569 1924 striatas,
587 1875 711 1930 quorum
725 1857 837 1914 medius
852 1859 953 1922 laevis,
972 1861 1002 1914 in
1014 1859 1098 1916 siccis
1116 1861 1299 1920 straminesu,

227 1931 319 2006 ausgis
334 1931 519 2004 prominens5
540 1929 670 2002 margine
686 1929 807 2002 spinulis
825 1929 943 1984 minutis
964 1942 1128 1984 antrorsusn
1146 1931 1300 2003 spectanti·
1353 1914 1354 1944 ¹

226 2001 510 2064 bussouberrirnae,
540 1999 681 2070 wrm,
701 2000 787 2070 poll,
812 1997 891 2057 tlte
913 2001 966 2054 lin.
987 2002 1070 2055 latae.
1107 1999 1297 2056 ludereseen·
1354 1992 1355 2032 i

229 2075 300 2134 tiata
317 2071 394 2128 haud
410 2087 537 2144 nuquam
559 2082 616 2126 tam
641 2071 812 2124 variabilem
834 2071 1070 2136 observavimus3
1095 2087 1299 2126 enumeramus
1355 2070 1356 2110 t

228 2145 275 2202 bie
293 2155 405 2198 tantum
425 2141 653 2214 praestantiores
671 2139 798 2207 ejsudem
818 2141 945 2196 formas:
967 2151 1011 2198 to.
1031 2143 1171 2196 Panieula
1193 2141 1297 2194 radica·
1356 2148 1357 2172 ¹

158 2259 161 2268 ,
229 2217 284 2278 Ιίι,
302 2215 430 2286 apbylla,
456 2212 568 2284 ampla,
587 2219 645 2268 2-4
682 2211 744 2278 est,
764 2213 851 2266 ramis
870 2213 1007 2274 alternis,
1027 2213 1217 2296 patentibus,
1236 2211 1296 2266 arti·

229 2286 332 2342 cuiatis
349 2298 375 2340 et
392 2282 428 2338 ad
445 2281 552 2338 nodum
574 2229 718 2354 singuium
739 2281 914 2354 spicularum
937 2283 1112 2338 verticulum
1132 2295 1294 2356 congestum

228 2356 437 2415 emittentibus.
475 2361 520 2410 20.
540 2354 649 2424 Senpus
667 2351 814 2416 radicalis,
834 2353 966 2428 simplex,
985 2353 1125 2438 ephybus,
1145 2361 1206 2412 t-a
1225 2351 1294 2426 ped..

228 2429 264 2485 nsl
280 2421 360 2494 eujus
376 2425 512 2480 articulos
528 2423 657 2496 apiculae
676 2423 928 2478 numerosissimae
947 2423 1296 2494 semirerticillato-eapi-

227 2511 321 2563 tatae,
345 2515 361 2552 e
384 2513 508 2569 quorum
532 2505 635 2548 centro
656 2493 781 2548 subinde
803 2497 906 2549 ramuli
938 2494 1044 2548 breves
1066 2495 1299 2548 semirerticillos

228 2571 267 2626 ali
290 2581 341 2624 uot
359 2567 469 2624 similes
491 2565 632 2620 ferentes.
677 2573 722 2621 eo.
748 2565 858 2637 Scapus
878 2565 1015 2620 radicalis
1037 2565 1157 2630 similis,
1185 2566 1299 2632 ecujus

225 2662 264 2698 nn
287 2657 311 2694 ss
337 2637 528 2692 inferioribus
549 2653 646 2690 ramus
670 2653 744 2688 unus
764 2653 791 2688 r.
818 2638 894 2690 alter
916 2634 1038 2691 ioliil'er.
1085 2645 1131 2694 so.
1156 2635 1300 2708 Spicaee

226 2711 312 2771 nodis
327 2705 519 2764 inferioribus
535 2707 621 2761 culmi
638 2723 736 2760 ramos
755 2705 849 2772 inter,
873 2718 1006 2778 patentes
1023 2707 1069 2762 vel
1090 2707 1301 2762 erectiusculae

226 2805 253 2840 v.
270 2781 416 2844 deileaae,
435 2777 581 2851 simplices
598 2779 642 2830 rel
661 2795 677 2830 e
695 2775 780 2830 nodis
798 2775 990 2832 inferioribus
1010 2778 1128 2832 ramulis
1147 2775 1301 2838 brevibus,

224 2865 323 2912 rectae
342 2871 369 2906 r.
386 2867 489 2924 parum
507 2847 668 2912 ssesssosae,
689 2853 767 2904 3-16
786 2849 875 2919 poll,
895 2847 1027 2916 apisyilae
1046 2849 1091 2903 vel
1110 2866 1127 2900 e
1141 2845 1219 2901 nodo
1241 2861 1301 2902 uno

222 2928 352 2982 altumve
366 2919 539 2994 pracsertim
555 2917 699 2972 inferiore
716 2916 817 2972 res-sus
830 2917 971 2972 ramulum
988 2918 1146 2972 soliit'erum
1166 2917 1302 2972 emitten-

224 3013 281 3064 πη
299 2993 469 3049 articulatae
486 3001 514 3044 et
533 2989 567 3042 asl
586 2989 728 3060 singulum
747 2987 854 3042 nudum
869 2989 898 3042 in
914 2989 1122 3060 speciminibus
1139 2987 1300 3052 majoribus

225 3061 474 3124 semivesticillum
495 3057 695 3112 densissimum
709 3054 887 3132 spicularum
905 3077 1124 3114 numerosarum
1140 3057 1182 3112 sel
1198 3055 1227 3110 in
1243 3057 1299 3109 sni-

226 3135 346 3194 ncribus
367 3132 495 3206 spieulae
513 3129 681 3200 saepissime
704 3137 777 3190 3-6,
798 3129 892 3182 raritas
912 3131 1063 3184 solitariae
1083 3131 1128 3183 rel
1148 3128 1298 3200 geminac3

228 3203 394 3264 internodia
414 3200 601 3258 teretiuscula
622 3202 667 3254 vel
683 3199 719 3252 asi
736 3201 910 3272 spicularum
926 3213 1023 3254 ortum
1038 3199 1193 3274 quidquam
1209 3215 1301 3270 augts-

229 3281 306 3342 iosa,
325 3276 467 3350 primum,
484 3271 656 3344 praesertim
673 3269 726 3323 sub
743 3269 845 3333 nodis,
863 3271 942 3342 pube
958 3271 1044 3325 brevi
1062 3271 1164 3334 densi,
1182 3268 1300 3322 demum

229 3345 439 3424 glabriuscula,
459 3351 533 3400 3-Ξῦ
548 3341 615 3405 iim,
635 3341 767 3396 crassitie
789 3341 828 3395 lili
847 3341 972 3412 emporii
990 3343 1025 3395 ast
1040 3357 1165 3414 pennam
1185 3339 1304 3412 gallina·

229 3439 310 3478 ceam
326 3433 425 3500 nsque.
462 3423 506 3472 50.
525 3411 631 3484 Spirae
646 3411 765 3472 similes,
785 3410 836 3466 sesi
857 3412 994 3476 minores,
1017 3413 1045 3466 in
1063 3411 1193 3484 apicibus
1206 3429 1305 3466 ramo·

229 3509 311 3554 runt,
330 3507 380 3561 qus
395 3499 463 3542 tuno
480 3486 655 3570 plerumque
670 3481 845 3548 dichotomi;
865 3500 881 3536 e
897 3484 1042 3554 spicarum
1058 3484 1158 3536 barsam
1174 3481 1305 3536 verticil-

230 3565 267 3621 lis
282 3577 370 3630 saepe
387 3557 491 3612 ramuli
510 3555 618 3609 breves
636 3551 771 3607 solliferi.
818 3560 864 3609 tio.
884 3553 1001 3624 Spicula
1017 3553 1146 3607 solitaria
1165 3553 1195 3606 ia
1217 3552 1304 3626 apice

231 3631 335 3692 ramuli
350 3627 435 3684 unius
452 3627 499 3680 vel
514 3626 644 3680 alterius.
681 3623 712 3676 ln
727 3623 863 3676 omnibus
880 3620 1076 3678 biseei'ormis
1090 3623 1142 3676 sub
1157 3621 1238 3676 nodo
1248 3623 1305 3677 sin-

233 3707 299 3760 “ulo
312 3701 414 3773 regina
428 3699 491 3753 insu
508 3695 561 3752 sub
579 3693 761 3750 florescentia
776 3695 831 3756 iam
843 3693 969 3766 delapsa.
1008 3693 1239 3766 ,ldspicularum
1251 3694 1307 3746 tas.

231 3751 318 3834 ilenti
328 3771 375 3826 vel
384 3765 595 3824 semis'erticilli
606 3765 652 3818 rel
662 3783 694 3818 ea
719 3763 781 3818 ituli
796 3765 880 3818 basin
888 3781 1025 3837 squamae
1034 3767 1144 3838 aliquot
1154 3781 1305 3838 pergame-

229 3843 343 3906 naerei
354 3843 535 3900 chartaceae,
550 3847 664 3898 cratae,
683 3783 804 3890 obtusae
815 3853 879 3888 essm
891 3853 1040 3900 mucrone,
1055 3853 1212 3898 concavae,
1231 3835 1305 3889 cari-

231 3931 316 3974 natas
327 3912 375 3968 vel
384 3909 576 3970 bicarinatae,
597 3905 866 3968 nervoso-striatas,
883 3905 913 3960 in
925 3905 1010 3959 siccis
1019 3907 1205 3966 stramineae,
1217 3923 1307 3978 supra

233 3987 360 4046 medium
378 3979 416 4036 ad
433 3977 576 4050 margines
593 3989 621 4031 ct
638 3976 754 4047 saepius
772 3977 857 4032 etiam
878 3975 914 4029 ad
931 3977 1060 4032 carinam
1080 3977 1212 4042 ciiiatae,
1233 3977 1282 4044 ¹¹(
1296 4011 1306 4022 ·

233 4072 249 4120 5
266 4059 333 4124 lima
350 4049 474 4110 subinde
485 4048 515 4102 in
529 4047 744 4102 indurescentia
764 4055 797 4103 5a
815 4058 843 4102 et
860 4054 894 4104 tia
912 4065 1047 4120 squamae
1061 4049 1113 4102 isse
1129 4049 1307 4121 elongantur

233 4145 262 4187 et
284 4129 355 4182 liunt
373 4121 541 4180 tantsiores,
566 4118 760 4182 lanceolatac,
788 4119 1168 4174 mucronato-acuminatas
1192 4119 1238 4172 sel
1259 4137 1306 4171 ra-

231 4203 293 4258 rius
307 4197 391 4272 apice
405 4191 518 4246 minuto
532 4188 664 4244 foliolum
682 4205 804 4260 'sarsum
815 4191 936 4244 sistente
949 4190 1131 4244 terminatae·
1169 4189 1308 4262 Spiculse

234 4269 432 4330 lanceolatae,
451 4259 649 4326 acuminatas,
673 4275 872 4333 compressae,
898 4259 1054 4326 distiebae,
1079 4259 1204 4342 apiculas
1221 4257 1307 4316 Bru
